<record><leader>00000cas a22000007a 4500</leader><controlfield tag="001">28629619</controlfield><controlfield tag="008">930813d19161979aruwr ne      0    0eng d</controlfield><datafield ind1=" " ind2=" " tag="010"><subfield code="a">sn 93050550 </subfield></datafield><datafield ind1=" " ind2=" " tag="040"><subfield code="a">ANU</subfield><subfield code="b">eng</subfield><subfield code="c">ANU</subfield><subfield code="d">DLC</subfield><subfield code="d">OCLCF</subfield><subfield code="d">OCLCO</subfield></datafield><datafield ind1="1" ind2=" " tag="029"><subfield code="a">AU@</subfield><subfield code="b">000025886009</subfield></datafield><datafield ind1=" " ind2=" " tag="042"><subfield code="a">msc</subfield></datafield><datafield ind1="0" ind2=" " tag="130"><subfield code="a">Arkansas Methodist (Little Rock, Ark. : 1916)</subfield></datafield><datafield ind1="0" ind2="0" tag="245"><subfield code="a">Arkansas Methodist.</subfield></datafield><datafield ind1=" " ind2=" " tag="260"><subfield code="a">Little Rock, Ark. :</subfield><subfield code="b">Western Methodist Pub. Co.,</subfield></datafield><datafield ind1=" " ind2=" " tag="300"><subfield code="a">v.</subfield></datafield><datafield ind1=" " ind2=" " tag="310"><subfield code="a">Weekly</subfield></datafield><datafield ind1="0" ind2=" " tag="362"><subfield code="a">Vol. 35, no. 1 (Jan. 6, 1916)-</subfield></datafield><datafield ind1="1" ind2=" " tag="362"><subfield code="a">Ceased in 1979?</subfield></datafield><datafield ind1=" " ind2=" " tag="550"><subfield code="a">"Official organ of the Little Rock and North Arkansas Conferences."</subfield></datafield><datafield ind1="2" ind2="0" tag="610"><subfield code="a">Methodist Episcopal Church, South</subfield><subfield code="z">Arkansas</subfield><subfield code="v">Newspapers.</subfield></datafield><datafield ind1="2" ind2="0" tag="610"><subfield code="a">Methodist Church (U.S.)</subfield><subfield code="v">Newspapers.</subfield></datafield><datafield ind1="2" ind2="0" tag="610"><subfield code="a">United Methodist Church (U.S.)</subfield><subfield code="z">Arkansas</subfield><subfield code="v">Newspapers.</subfield></datafield><datafield ind1=" " ind2="7" tag="655"><subfield code="a">Newspapers.</subfield><subfield code="2">fast</subfield><subfield code="0">(OCoLC)fst01423814</subfield></datafield><datafield ind1="2" ind2="7" tag="610"><subfield code="a">Methodist Church (U.S.)</subfield><subfield code="2">fast</subfield><subfield code="0">(OCoLC)fst00541690</subfield></datafield><datafield ind1="2" ind2="7" tag="610"><subfield code="a">Methodist Episcopal Church, South.</subfield><subfield code="2">fast</subfield><subfield code="0">(OCoLC)fst00541686</subfield></datafield><datafield ind1="2" ind2="7" tag="610"><subfield code="a">United Methodist Church (U.S.)</subfield><subfield code="2">fast</subfield><subfield code="0">(OCoLC)fst00541693</subfield></datafield><datafield ind1=" " ind2="7" tag="651"><subfield code="a">Arkansas.</subfield><subfield code="2">fast</subfield><subfield code="0">(OCoLC)fst01204809</subfield></datafield><datafield ind1=" " ind2=" " tag="752"><subfield code="a">United States</subfield><subfield code="b">Arkansas</subfield><subfield code="c">Pulaski</subfield><subfield code="d">Little Rock.</subfield></datafield><datafield ind1="0" ind2="0" tag="780"><subfield code="t">Western Methodist (Little Rock, Ark.)</subfield><subfield code="w">(DLC)sn 93050549</subfield></datafield><datafield ind1="0" ind2="4" tag="785"><subfield code="t">United Methodist reporter (Arkansas Methodist ed.)</subfield><subfield code="w">(DLC)sn 93050559</subfield></datafield></record>